@article{Arnolds2018,
    title = {Improving hospital layout planning through clinical pathway
             mining},
    journal = {Annals of Operations Research},
    volume = {263},
    pages = {453--477},
    year = {2018},
    doi = {10.1007/s10479-017-2485-4},
    author = {Ines Verena Arnolds and Daniel Gartner},
}

@misc{Asanjarani2017,
    author = {Asanjarani, Azam and Nazarathy, Yoni and Pollett, Philip},
    year = {2017 (accessed \today)},
    title = {Parameter and State Estimation in Queues and Related Stochastic
             Models: A Bibliography},
    url = {https://people.smp.uq.edu.au/PhilipPollett/papers/Qest/QEstAnnBib.pdf}
}

@article{Bhattacharjee2014,
    title = "Patient flow modelling and performance analysis of healthcare
             delivery processes in hospitals: A review and reflections",
    journal = "Computers \& Industrial Engineering",
    volume = "78",
    pages = "299--312",
    year = "2014",
    doi = "10.1016/j.cie.2014.04.016",
    author = "Papiya Bhattacharjee and Pradip Kumar Ray",
}

@article{Brailsford2013,
    title = {Overcoming the barriers: A qualitative study of simulation adoption
             in the {NHS}},
    author = {Brailsford, Sally C and Bolt, Timothy B and Bucci, Giovanni and
              Chaussalet, T M and Connell, N A and Harper, Paul R and Klein,
              Jonathan H and Pitt, Martin and Taylor, M},
    journal = {Journal of the Operational Research Society},
    volume = {64},
    number = {2},
    pages = {157--168},
    year = {2013},
}

@article{Collins2018,
    title = {Influence of deprivation on health care use, health care costs, and
             mortality in {COPD}},
    author = {Peter F Collins and Rebecca J Stratton and Ramesh J
              Kurukulaaratchy and Marinos Elia},
    journal = {International Journal of Chronic Obstructive Pulmonary Disease},
    year = {2018},
    volume = {13},
    pages = {1289--1296},
    doi = {10.2147/COPD.S157594},
}

@article{Curley2017,
    title = {Dealing with Missing Data: A Comparative Exploration of Approaches
             Using the Integrated City Sustainability Database},
    year = {2017},
    volume = {55},
    number = {2},
    pages = {591--615},
    journal = {Urban Affairs Review},
    doi = {10.1177/1078087417726394},
    author = {Cali Curley and Rachel M. Krause and Richard Feiock and
              Christopher V. Hawkins},
}

@article{Delias2015,
    title = "Supporting healthcare management decisions via robust clustering of
             event logs",
    journal = "Knowledge-Based Systems",
    volume = "84",
    pages = "203--213",
    year = "2015",
    doi = "10.1016/j.knosys.2015.04.012",
    author = "Pavlos Delias and Michael Doumpos and Evangelos Grigoroudis and
              Panagiotis Manolitzas and Nikolaos Matsatsinis",
}

@article{Divo2012,
    author = {Divo, Miguel and Cote, Claudia and de Torres, Juan P. and
              Casanova, Ciro and Marin, Jose M. and Pinto-Plata, Victor and
              Zulueta, Javier and Cabrera, Carlos and Zagaceta, Jorge and
              Hunninghake, Gary and Celli, Bartolome},
    title = {Comorbidities and Risk of Mortality in Patients with Chronic
             Obstructive Pulmonary Disease},
    journal = {American Journal of Respiratory and Critical Care Medicine},
    volume = {186},
    number = {2},
    pages = {155--161},
    year = {2012},
    doi = {10.1164/rccm.201201-0034OC},
}

@article{Djabali2018,
    author = {Djabali, Yasmina and Rabta, Boualem and Aissani, Djamil},
    year = {2018},
    pages = {507--531},
    title = {Approximating Service-time Distributions by Phase-type
             Distributions in Single-server Queues: A Strong Stability
             Approach},
    volume = {12},
    journal = {International Journal of Mathematics in Operational Research},
    doi = {10.1504/IJMOR.2018.10005095},
}

@article{Erlang1917,
    title = {Solution of some problems in the theory of probabilities of
             significance in automatic telephone exchanges},
    author = {Erlang, Agner Krarup},
    journal = {Post Office Electrical Engineer's Journal},
    volume = {10},
    pages = {189--197},
    year = {1917},
}

@article{Erlang1920,
    title = {Telephone waiting times},
    author = {Erlang, Agner Krarup},
    journal = {Matematisk Tidsskrift, B},
    volume = {31},
    pages = {25},
    year = {1920},
}

@book{Everitt2011,
    title = {Cluster analysis},
    author = {Everitt, Brian S and Landau, Sabine and Leese, Morven and Stahl,
              Daniel},
    year = {2011},
    publisher = {John Wiley \& Sons},
}

@article{Fitzpatrick2019,
    title = {Issues in Reproducible Simulation Research},
    author = {B G Fitzpatrick},
    year = {2019},
    journal = {Bulletin of Mathematical Biology},
    volume = {81},
    pages = {1--6},
    doi = {10.1007/s11538-018-0496-1},
}

@article{Goldenshluger2016,
    title = {Nonparametric estimation of the service time distribution in the
             {M/G/$\infty$} queue},
    year = {2016},
    volume = {48},
    number = {4},
    pages = {1117--1138},
    journal = {Advances in Applied Probability},
    doi = {10.1017/apr.2016.67},
    author = {Alexander Goldenshluger},
}

@book{Hagenaars2002,
    title = {Applied Latent Class Analysis},
    doi = {10.1017/CBO9780511499531},
    publisher = {Cambridge University Press},
    year = {2002},
    author = {Jacques A. Hagenaars},
}

@article{Harper2006,
    author = {Harper, Paul R. and Winslett, David},
    year = {2006},
    pages = {146--156},
    title = {Classification trees: A possible method for maternity risk
             grouping},
    volume = {169},
    journal = {European Journal of Operational Research},
    doi = {10.1016/j.ejor.2004.05.014}
}

@article{Houben2019,
    title = {Revealing Methodological Challenges in Chronic Obstructive
             Pulmonary Disease Studies Assessing Comorbidities: A Narrative
             Review},
    year = {2019},
    volume = {6},
    number = {2},
    pages = {166--177},
    journal = {Chronic Obstructive Pulmonary Diseases: Journal of the COPD
               Foundation},
    doi = {10.15326/jcopdf.6.2.2018.0145},
    author = {Sarah Houben-Wilke and Filip J. J. Triest and Frits M.E.  Franssen
              and Daisy J.A. Janssen and Emiel F.M.  Wouters and Lowie E.G.W.
              Vanfleteren},
}

@article{Huang1998,
    author  = {Huang, Zhexue},
    title   = {Extensions to the $k$-means algorithm for clustering large data
               sets with categorical values},
    journal = {Data Mining and Knowledge Discovery},
    year    = {1998},
    volume  = {2},
    number  = {3},
    pages   = {283--304},
    doi     = {10.1023/A:1009769707641},
}

@article{Ivie2018,
    author = {Ivie, Peter and Thain, Douglas},
    title = {Reproducibility in Scientific Computing},
    year = {2018},
    volume = {51},
    number = {3},
    doi = {10.1145/3186266},
    journal = {ACM Computing Surveys},
}

@article{Komashie2015,
    title = {An Integrated Model of Patient and Staff Satisfaction Using Queuing
             Theory},
    author = {Alexander Komashie and Ali Mousavi and P John Clarkson and Terry
              Young},
    year = {2015},
    journal = {IEEE Journal of Translational Engineering in Health and
               Medicine},
    volume = {3},
    pages = {1--10},
    doi = {10.1109/JTEHM.2015.2400436},
}

@article{Kullback1951,
    author = "Kullback, S. and Leibler, R. A.",
    doi = "10.1214/aoms/1177729694",
    journal = "Annals of Mathematical Statistics",
    number = "1",
    pages = "79--86",
    title = "On Information and Sufficiency",
    volume = "22",
    year = "1951"
}

@article{Kuwornu2014,
    title = {Multimorbidity Disease Clusters in {Aboriginal} and
             {non-Aboriginal} {Caucasian} Populations in {Canada}},
    year = {2014},
    volume = {34},
    number = {4},
    pages = {218--225},
    journal = {Chronic Diseases and Injuries in Canada},
    doi = {}, 
    author = {J P Kuwornu and L M Lix and S Shooshtari},
}

@article{Larsen2017,
    title = {A Latent Class Analysis of Multimorbidity and the Relationship to
             Socio-Demographic Factors and Health-Related Quality of Life. A
             National Population-Based Study of 162,283 {Danish} Adults},
    year = {2017},
    volume = {12},
    number = {1},
    journal = {PLoS One},
    doi = {10.1371/journal.pone.0169426},
    author = {Finn Breinholt Larsen and Marie Hauge Pedersen and Karina Friis
              and Charlotte Gl\"{u}mer and Mathias Lasgaard},
}

@book{Lazarsfeld1968,
    title = {Latent structure analysis},
    author = {Lazarsfeld, Paul Felix and Henry, Neil W},
    year = {1968},
    publisher = {Houghton Mifflin Co.},
}

@article{McClain1976,
    author = {John O. McClain},
    journal = {Inquiry},
    number = {2},
    pages = {167--176},
    title = {Bed Planning Using Queuing Theory Models of Hospital Occupancy: A
             Sensitivity Analysis},
    volume = {13},
    year = {1976},
}

@article{Mohammadi2012,
    author = {A. Mohammadi and M. R. Salehi-Rad},
    title = {Bayesian Inference and Prediction in an {$M/G/1$} with Optional
             Second Service},
    journal = {Communications in Statistics - Simulation and Computation},
    volume = {41},
    number = {3},
    pages = {419--435},
    year  = {2012},
    doi = {10.1080/03610918.2011.588358},
}

@article{Newman2014,
    title = {Missing Data: Five Practical Guidelines},
    year = {2014},
    volume = {17},
    number = {4},
    pages = {372--411},
    journal = {Organizational Research Methods},
    doi = {10.1177/1094428114548590},
    author = {Daniel A. Newman},
}

@misc{NHS2020,
    title = {{NHS Business Definitions: Hospital Provider Spell}},
    author = {{NHS Data Model and Dictionary}},
    url = {https://www.datadictionary.nhs.uk/data_dictionary/nhs_business_definitions/h/hospital_provider_spell_de.asp},
    year = {2020 (accessed \today)},
}

@article{Olafsson2008,
    title = "Operations research and data mining",
    journal = "European Journal of Operational Research",
    volume = "87",
    number = "3",
    pages = "1429--1448",
    year = "2008",
    doi = "https://doi.org/10.1016/j.ejor.2006.09.023",
    author = "Sigurdur Olafsson and Xiaonan Li and Shuning Wu",
}

@article{Palmer2019,
    author = {Geraint I. Palmer and Vincent A. Knight and Paul R. Harper and
              Asyl L. Hawa},
    title = {Ciw: An open-source discrete event simulation library},
    journal = {Journal of Simulation},
    volume = {13},
    number = {1},
    pages = {68--82},
    year  = {2019},
    doi = {10.1080/17477778.2018.1473909},
}

@article{Palvannan2012,
    title = {Queueing for Healthcare},
    author = {R. Kannapiran Palvannan and Kiok Liang Teow},
    journal = {Journal of Medical Systems},
    year = {2012},
    volume = {36},
    pages = {541--547},
    doi = {10.1007/s10916-010-9499-7},
}

@article{Pampaka2016,
    author = {Maria Pampaka and Graeme Hutcheson and Julian Williams},
    title = {Handling missing data: analysis of a challenging data set using
             multiple imputation},
    journal = {International Journal of Research \& Method in Education},
    volume = {39},
    number = {1},
    pages = {19--37},
    year  = {2016},
    doi = {10.1080/1743727X.2014.979146},
}

@inproceedings{Pinto2014,
    author={Luiz R. {Pinto} and Francisco C. C. {de Campos} and Ignez H. O.
            {Perp\'{e}tuo} and Yara C. N. M. B. {Ribeiro}},
    booktitle={Proceedings of the Winter Simulation Conference 2014},
    title={Analysis of hospital bed capacity via queuing theory and simulation}, 
    year={2014},
    pages={1281-1292},
}

@article{Ramdas2017,
    title = {On {W}asserstein Two-Sample Testing and Related Families of
             Nonparametric Tests},
    author = {Aaditya Ramdas and Nicol\'{a}s Garc\'{i}a Trillos and Marco
              Cuturi},
    year = {2017},
    journal = {Entropy},
    volume = {19},
    number = {2},
    pages = {47},
    doi = {10.3390/e19020047},
}

@article{Rebuge2012,
    title = "Business process analysis in healthcare environments: A methodology
             based on process mining",
    journal = "Information Systems",
    volume = "37",
    number = "2",
    pages = "99--116",
    year = "2012",
    doi = "10.1016/j.is.2011.01.003",
    author = "{\'A}lvaro Rebuge and Diogo R. Ferreira",
}

@inproceedings{Satopaa2011,
    author = {Satopaa, Ville and Albrecht, Jeannie and Irwin, David and
              Raghavan, Barath},
    year = {2011},
    pages = {166--171},
    title = {Finding a `Kneedle' in a Haystack: Detecting Knee Points in System
             Behavior},
    booktitle = {Proceedings of the 2011 31st International Conference on
                 Distributed Computing Systems Workshops},
    doi = {10.1109/ICDCSW.2011.20}
}

@article{Sexton2016,
    title = {{GP} supply, deprivation and emergency admission to hospital for
             {COPD} and diabetes complications in counties across {Ireland}: An
             exploratory analysis},
    author = {E Sexton and D Bedford},
    year = {2016},
    journal = {Irish Journal of Medical Science},
    volume = {185},
    number = {2},
    pages = {453--461},
    doi = {10.1007/s11845-015-1359-5},
}

@article{Simon2011,
    title = {Determinants of elevated healthcare utilization in patients with
             {COPD}},
    author = {Tzahit Simon-Tuval and Steven M Scharf and Nimrod Maimon and
              Barbara J Bernhard-Scharf and Haim Reuveni and Ariel Tarasiuk},
    year = {2011},
    journal = {Respiratory Research},
    volume = {12},
    number = {7},
    doi = {10.1186/1465-9921-12-7},
}

@article{Steiner2017,
	author = {Steiner, Michael C and Lowe, Derek and Beckford, Katy and Blakey,
              John and Bolton, Charlotte E and Elkin, Sarah and Man, William D
              -C and Roberts, C Michael and Sewell, Louise and Walker, Paul and
              Singh, Sally J},
	title = {Socioeconomic deprivation and the outcome of pulmonary
             rehabilitation in {England} and {Wales}},
	volume = {72},
	number = {6},
	pages = {530--537},
	year = {2017},
	doi = {10.1136/thoraxjnl-2016-209376},
	journal = {Thorax},
}

@article{Steins2013,
    title = {A generic simulation model for planning critical care resource
             requirements},
    author = {Steins, Krisjanis and Walther, SM},
    journal = {Anaesthesia},
    volume = {68},
    number = {11},
    pages = {1148--1155},
    year = {2013},
}

@article{Vaserstein1969,
    author = {Vaserstein, Leonid Nisonovich},
    title = {Markov processes over denumerable products of spaces describing
             large systems of automata},
    journal = {Problemy Pereda{\v{c}}hi Informatsii},
    volume = {5},
    number = {3},
    pages = {64--72},
    year = {1969},
}

@article{Vuik2016a,
    author = {Vuik, Sabine I. and Mayer, Erik K. and Darzi, Ara},
    year = {2016},
    pages = {},
    title = {A quantitative evidence base for population health: Applying
             utilization-based cluster analysis to segment a patient
             population},
    volume = {14},
    journal = {Population Health Metrics},
    doi = {10.1186/s12963-016-0115-z},
}

@article{Vuik2016b,
    author = {Vuik, Sabine I. and Mayer, Erik K. and Darzi, Ara},
    title = {Patient Segmentation Analysis Offers Significant Benefits For
             Integrated Care And Support},
    journal = {Health Affairs},
    volume = {35},
    number = {5},
    pages = {769--775},
    year = {2016},
    doi = {10.1377/hlthaff.2015.1311},
}

@misc{Wilde2020,
    title = {A novel initialisation based on hospital-resident assignment for
             the k-modes algorithm},
    author = {Henry Wilde and Vincent Knight and Jonathan Gillard},
    year = {2020},
    eprint = {2002.02701},
    archivePrefix = {arXiv},
    primaryClass = {cs.LG},
}

@misc{Wilde2020results,
  author       = {Wilde, Henry and
                  Knight, Vincent and
                  Gillard, Jonathan},
  title        = {{Experiment data in support of `Recovering hospital 
                   service times via the Wasserstein distance for
                   segmentation analysis: a study in COPD patients in
                   the Cwm Taf region'}},
  year         = 2020,
  publisher    = {Zenodo},
  version      = {0.0.1},
  doi          = {10.5281/zenodo.3924716},
}

@misc{Wilde2020synthetic,
  author       = {Wilde, Henry and
                  Knight, Vincent and
                  Gillard, Jonathan},
  title        = {{Synthetic LOS and interarrival time data for COPD 
                   patients in the Cwm Taf region}},
  year         = 2020,
  publisher    = {Zenodo},
  version      = {0.0.1},
  doi          = {10.5281/zenodo.3908167},
}

@article{Williams2015,
    author = {Williams, J. and Dumont, S. and Parry-Jones, J. and Komenda, I.
              and Griffiths, J. and Knight, V.},
    title = {Mathematical modelling of patient flows to predict critical care
             capacity required following the merger of two district general
             hospitals into one},
    journal = {Anaesthesia},
    volume = {70},
    number = {1},
    pages = {32--40},
    doi = {10.1111/anae.12839},
    year = {2015},
}

@book{Wu2009,
    title = {The top ten algorithms in data mining},
    author = {Wu, Xindong and Kumar, Vipin},
    year = {2009},
    publisher = {CRC press},
}

@article{Yan2018,
    title = {A systematic review of the clinical application of data-driven
             population segmentation analysis},
    journal = {BMC Medical Research Methodology},
    volume = {18},
    number = {121},
    year = {2018},
    doi = {10.1186/s12874-018-0584-9},
    author = {Shi Yan and Yu Heng Kwan and Chuen Seng Tan and Julian Thumboo and
              Lian Leng Low},
}

@article{Yan2019,
    title = {Identifying heterogeneous health profiles of primary care utilizers
             and their differential healthcare utilization and mortality – a
             retrospective cohort study},
    journal = {BMC Family Practice},
    volume = {20},
    number = {54},
    year = {2019},
    doi = {10.1186/s12875-019-0939-2},
    author = {Shi Yan and Benjamin Jun Jie Seng and Yu Heng Kwan and Chuen Seng
              Tan and Joanne Hui Min Quah and Julian Thumboo and Lian Leng Low},
}

@article{Yom2014,
    title = {{Erlang-R}: A time-varying queue with reentrant customers, in
             support of healthcare staffing},
    author = {Yom-Tov, Galit B and Mandelbaum, Avishai},
    journal = {Manufacturing \& Service Operations Management},
    volume = {16},
    number = {2},
    pages = {283--299},
    year = {2014},
    doi = {10.1287/msom.2013.0474},
}

@article{Yoon2020,
    title = {Identifying Optimal Indicators and Purposes of Population
             Segmentation Through Engagement of Key Stakeholders: A Qualitative
             Study},
    journal = {Health Res Policy Syst.},
    volume = {18},
    number = {1},
    pages = {26},
    year = {2020},
    doi = {10.1186/s12961-019-0519-x},
    author = {Sungwon Yoon and Hendra Goh and Yu Heng Kwan and Julian Thumboo
              and Lian Leng Low},
}
