@article{Nolte2003,
	author = {Nolte, E. and McKee, M.},
	title = {Measuring the health of nations: analysis of mortality amenable to
             health care},
	volume = {327},
	number = {7424},
	pages = {1129},
	year = {2003},
	doi = {10.1136/bmj.327.7424.1129},
	publisher = {BMJ Publishing Group Ltd},
	issn = {0959-8138},
	journal = {BMJ}
}

@article{Vuik2016,
    author = {Vuik, S. and Mayer, E. and Darzi, A.},
    year = {2016},
    month = {12},
    title = {A quantitative evidence base for population health: Applying
             utilization-based cluster analysis to segment a patient
             population},
    volume = {14},
    doi = {10.1186/s12963-016-0115-z},
    journal = {Population Health Metrics}
}

@article{Kalyani2012,
    author = {Kalyani, P.},
    title = {Approaches to Partition Medical Data using Clustering Algorithms},
    volume = {49},
    number = {23},
    month = {7},
    year = {2012},
    pages = {7--10},
    doi = {10.5120/7941-1102},
    journal = {International Journal of Computer Applications}
}

@article{Rebuge2012,
    title = {Business process analysis in healthcare environments: A methodology
             based on process mining},
    journal = {Information Systems},
    volume = {37},
    number = {2},
    pages = {99--116},
    year = {2012},
    note = {Management and Engineering of Process-Aware Information Systems},
    issn = {0306-4379},
    doi = {https://doi.org/10.1016/j.is.2011.01.003},
    author = {Rebuge, A. and Ferreira, D.R.}
}

@article{Sahu2013,
    author = {Sahu, S.K. and Baffour, B. and Harper, P.R. and Minty, J.H. and
              Sarran, C.},
    title = {A hierarchical Bayesian model for improving short-term forecasting
             of hospital demand by including meteorological information},
    journal = {Journal of the Royal Statistical Society: Series A (Statistics in
               Society)},
    volume = {177},
    number = {1},
    pages = {39--61},
    year = {2013},
    month = {04},
    doi = {10.1111/rssa.12008}
}

@article{King2017,
    author = {King, W. and Lacey, A. and White, J. and Farewell, D. and Dunstan,
              F. and Fone, D.},
    journal = {PLOS ONE},
    publisher = {Public Library of Science},
    title = {Equity in healthcare for coronary heart disease, {Wales} {(UK)}
             2004â€“2010: {A} population-based electronic cohort study},
    year = {2017},
    month = {03},
    volume = {12},
    pages = {1--14},
    number = {3},
    doi = {10.1371/journal.pone.0172618}
}

@article{BMJ2004,
    author = {BMJ},
    title = {Counting hospital activity: spells or episodes?},
    journal = {BMJ},
    year = {2004},
    volume = {329},
    number = {7476},
    pages = {1207},
    issn = {0959-8138},
    doi = {10.1136/bmj.329.7476.1207},
    eprint = {https://www.bmj.com/content/329/7476/1207.full.pdf},
    publisher = {BMJ Publishing Group Ltd},
}

@article{Bryson1974,
    author = {Bryson, M.C.},
    title = {Heavy-Tailed Distributions: Properties and Tests},
    journal = {Technometrics},
    year = {1974},
    volume = {16},
    number = {1},
    pages = {61--68},
    month = {2},
}

@article{Thygesen2011,
    author = {Thygesen, S.K. and Christiansen, C.F. and Christensen, S. and
              Lash, T.L. and S{\o}rensen, H.T.},
    title = {The predictive value of ICD-10 diagnostic coding used to assess
             Charlson comorbidity index conditions in the population-based
             Danish National Registry of Patients},
    journal = {BMC Medical Research Methodology},
    year = {2011},
    month = {5},
    volume = {11},
    number = {1},
    pages = {83},
    issn = {1471-2288},
    doi = {10.1186/1471-2288-11-83},
}

