@article {Nolte2003,
	author = {Nolte, Ellen and McKee, Martin},
	title = {Measuring the health of nations: analysis of mortality amenable to health care},
	volume = {327},
	number = {7424},
	pages = {1129},
	year = {2003},
	doi = {10.1136/bmj.327.7424.1129},
	publisher = {BMJ Publishing Group Ltd},
	issn = {0959-8138},
	URL = {https://www.bmj.com/content/327/7424/1129},
	journal = {BMJ}
}

@article{Vuik2016,
    author = {Vuik, Sabine and Mayer, Erik and Darzi, Ara},
    year = {2016},
    month = {12},
    pages = {},
    title = {A quantitative evidence base for population health: Applying utilization-based cluster analysis to segment a patient population},
    volume = {14},
    doi = {10.1186/s12963-016-0115-z},
    booktitle = {Population Health Metrics}
}

@article{Kalyani2012,
    author = {Kalyani, P.},
    title = {Approaches to Partition Medical Data using Clustering Algorithms},
    volume = {49},
    number = {23},
    month = {7},
    year = {2012},
    pages = {7 - 10},
    doi = {10.5120/7941-1102},
    journal = {International Journal of Computer Applications}
}

@article{Rebuge2012,
    title = {Business process analysis in healthcare environments: A methodology based on process mining},
    journal = {Information Systems},
    volume = {37},
    number = {2},
    pages = {99 - 116},
    year = {2012},
    note = {Management and Engineering of Process-Aware Information Systems},
    issn = {0306-4379},
    doi = {https://doi.org/10.1016/j.is.2011.01.003},
    url = {http://www.sciencedirect.com/science/article/pii/S0306437911000044},
    author = {Rebuge, Álvaro and Ferreira, Diogo R.}
}

@article{Sahu2013,
    author = {Sahu, Sujit K. and Baffour, Bernard and Harper, Paul R. and Minty, John H. and Sarran, Christophe},
    title = {A hierarchical Bayesian model for improving short-term forecasting of hospital demand by including meteorological information},
    journal = {Journal of the Royal Statistical Society: Series A (Statistics in Society)},
    volume = {177},
    number = {1},
    pages = {39-61},
    year = {2013},
    month = {04},
    doi = {10.1111/rssa.12008},
    url = {https://rss.onlinelibrary.wiley.com/doi/abs/10.1111/rssa.12008}
}



@article{King2017,
    author = {King, William AND Lacey, Arron AND White, James AND Farewell, Daniel AND Dunstan, Frank AND Fone, David},
    journal = {PLOS ONE},
    publisher = {Public Library of Science},
    title = {Equity in healthcare for coronary heart disease, {Wales} {(UK)} 2004–2010: {A} population-based electronic cohort study},
    year = {2017},
    month = {03},
    volume = {12},
    url = {https://doi.org/10.1371/journal.pone.0172618},
    pages = {1-14},
    number = {3},
    doi = {10.1371/journal.pone.0172618}
}
