@article{Amirjanov2016,
    title = {Modeling the Dynamics of a Changing Range Genetic Algorithm},
    journal = {Procedia Computer Science},
    volume = {102},
    pages = {570 - 577},
    year = {2016},
    doi = {https://doi.org/10.1016/j.procs.2016.09.444},
    author = {Amirjanov, Adil},
}

@inproceedings{Back1994, 
    author={B{\"a}ck, Thomas}, 
    booktitle={Proceedings of the First IEEE Conference on Evolutionary
               Computation. IEEE World Congress on Computational Intelligence}, 
    title={Selective pressure in evolutionary algorithms: a characterization of
           selection mechanisms}, 
    year={1994}, 
    pages={57-62}, 
    doi={10.1109/ICEC.1994.350042},
}

@inproceedings{Chen2016,
    title={A Genetic Algorithm Approach to Synthetic Data Production},
    author={Chen, Yingrui and Elliot, Mark and Sakshaug, Joseph},
    booktitle={PrAISe@ECAI},
    year={2016},
}

@article{Du2006,
    author = {Du, Qiang and Emelianenko, Maria and Ju, Lili},
    title = {Convergence of the Lloyd Algorithm for Computing Centroidal Voronoi
             Tessellations},
    journal = {SIAM Journal on Numerical Analysis},
    volume = {44},
    number = {1},
    pages = {102-119},
    year = {2006},
    doi = {10.1137/040617364},
}

@article{Edelsbrunner1983, 
    author = {Edelsbrunner, H. and Kirkpatrick, D. and Seidel, R.}, 
    journal = {IEEE Transactions on Information Theory}, 
    title = {On the shape of a set of points in the plane}, 
    year = {1983}, 
    volume = {29}, 
    number = {4}, 
    pages = {551-559}, 
    doi = {10.1109/TIT.1983.1056714}, 
    month = {July},
}

@inproceedings{Ester1996,
    title={A Density-Based Algorithm for Discovering Clusters in Large Spatial
           Databases with Noise},
    author={Ester, Martin and Kriegel, Hans-Peter and Sander, J{\"o}rg and
            Xu, Xiaoming},
    booktitle={KDD},
    year={1996},
}

@incollection{Goodfellow2014,
    title = {Generative Adversarial Nets},
    author = {Goodfellow, Ian and Pouget-Abadie, Jean and Mirza, Mehdi and Xu,
              Bing and Warde-Farley, David and Ozair, Sherjil and Courville,
              Aaron and Bengio, Yoshua},
    booktitle = {Advances in Neural Information Processing Systems 27},
    pages = {2672-2680},
    year = {2014},
    publisher = {Curran Associates, Inc.},
    url = {http://papers.nips.cc/paper/5423-generative-adversarial-nets.pdf},
}

@article{Huang1998,
    author = {Huang, Zhexue},
    title = {Extensions to the k-Means Algorithm for Clustering Large Data Sets
             with Categorical Values},
    journal = {Data Mining and Knowledge Discovery},
    year = {1998},
    month = {Sep},
    volume = {2},
    number = {3},
    pages = {283--304},
    doi = {10.1023/A:1009769707641},
}

@article{Jebari2013,
    author = {Jebari, Khalid},
    year = {2013},
    month = {12},
    pages = {333-344},
    title = {Selection Methods for Genetic Algorithms},
    volume = {3},
    journal = {International Journal of Emerging Sciences},
}

@article{Jiminez2017,
    author = {Jim{\'e}nez, Rafael C and Kuzak, Mateusz and Alhamdoosh, Monther
              and Barker, Michelle and Batut, B{\'e}r{\'e}nice and Borg, Mikael
              and Capella-Gutierrez, Salvador and Chue Hong, Neil and Cook,
              Martin and Corpas, Manuel and Flannery, Madison and Garcia, Leyla
              and Gelp{\'\i}, Josep Ll and Gladman, Simon and Goble, Carole and
              Gonz{\'a}lez Ferreiro, Montserrat and Gonzalez-Beltran, Alejandra
              and Griffin, Philippa C and Gr{\"u}ning, Bj{\"o}rn and Hagberg,
              Jonas and Holub, Petr and Hooft, Rob and Ison, Jon and Katz,
              Daniel S and Lesko{\v s}ek, Brane and L{\'o}pez G{\'o}mez,
              Federico and Oliveira, Luis J and Mellor, David and Mosbergen,
              Rowland and Mulder, Nicola and Perez-Riverol, Yasset and Pergl,
              Robert and Pichler, Horst and Pope, Bernard and Sanz, Ferran and
              Schneider, Maria V and Stodden, Victoria and Suchecki, Rados{\l}aw
              and Svobodov{\'a}Va{\v r}ekov{\'a}, Radka and Talvik, Harry-Anton
              and Todorov, Ilian and Treloar, Andrew and Tyagi, Sonika and van
              Gompel, Maarten and Vaughan, Daniel and Via, Allegra and Wang,
              Xiaochuan and Watson-Haigh, Nathan S and Crouch, Steve},
	doi = {10.12688/f1000research.11407.1},
	journal = {F1000Research},
	month = {6},
	pages = {ELIXIR-876},
	title = {Four simple recommendations to encourage best practices in research
             software},
	volume = {6},
	year = {2017},
}

@article{Koleejan2015,
    title={Code coverage optimisation in genetic algorithms and particle swarm
           optimisation for automatic software test data generation},
    author={Chahine Koleejan and Bing Xue and Mengjie Zhang},
    journal={2015 IEEE Congress on Evolutionary Computation (CEC)},
    year={2015},
    pages={1204-1211},
}

@article{Kuehn2013,
    author = {Kuehn, Matthias and Severin, Thomas and Salzwedel, Horst},
    year = {2013},
    month = {07},
    pages = {31-38},
    title = {Variable Mutation Rate at Genetic Algorithms: Introduction of
             Chromosome Fitness in Connection with Multi-Chromosome
             Representation},
    volume = {72},
    journal = {International Journal of Computer Applications},
    doi = {10.5120/12636-9343},
}

@article{Leung2001, 
    author={Leung, Yiu-Wing and Wang, Yuping}, 
    journal={IEEE Transactions on Evolutionary Computation}, 
    title={An orthogonal genetic algorithm with quantization for global
           numerical optimization}, 
    year={2001},
    volume={5},
    number={1},
    pages={41-53},
    doi={10.1109/4235.910464},
}

@article{Marti2016,
    title = {A stopping criterion for multi-objective optimization evolutionary
             algorithms},
    journal = {Information Sciences},
    volume = {367-368},
    pages = {700 - 718},
    year = {2016},
    doi = "https://doi.org/10.1016/j.ins.2016.07.025",
    author = {Luis Mart{\'i} and Jes{\'u}s Garc{\'i}a and Antonio Berlanga and
              Jos{\'e} M. Molina},
}

@inproceedings{Matejka2017,
    author = {Matejka, Justin and Fitzmaurice, George},
    title = {Same Stats, Different Graphs: Generating Datasets with Varied
             Appearance and Identical Statistics Through Simulated Annealing},
    booktitle = {Proceedings of the 2017 CHI Conference on Human Factors in
                 Computing Systems},
    series = {CHI '17},
    year = {2017},
    pages = {1290-1294},
    doi = {10.1145/3025453.3025912},
    publisher = {ACM},
}

@misc{pandas,
    author = {McKinney, Wes},
    title = {Data Structures for Statistical Computing in Python},
    year = {2010--},
    howpublished = {Proceedings of the 9th Python in Science Conference},
    pages = {51-56},
    url = {https://pandas.pydata.org/},
    note = {[Online; accessed 2019-03-01]},
}

@article{Michael2001,
    title={Generating Software Test Data by Evolution},
    author={Christoph C. Michael and Gary McGraw and Michael Schatz},
    journal={IEEE Trans. Software Eng.},
    year={2001},
    volume={27},
    pages={1085-1110},
}

@article{Motoki2002,
    author = {Motoki, Tatsuya},
    title = {Calculating the Expected Loss of Diversity of Selection Schemes},
    journal = {Evolutionary Computation},
    volume = {10},
    number = {4},
    pages = {397-422},
    year = {2002},
    doi = {10.1162/106365602760972776},
}

@misc{numpy,
    author = {Oliphant, Travis},
    title = {{NumPy}: A guide to {NumPy}},
    year = {2006--},
    howpublished = {USA: Trelgol Publishing},
    url = {http://www.numpy.org/},
    note = {[Online; accessed 2019-03-01]},
}

@article{scikit,
    title = {{Scikit-learn: Machine Learning in Python }},
    author = {Pedregosa, F. and Varoquaux, G. and Gramfort, A. and Michel, V.
              and Thirion, B. and Grisel, O. and Blondel, M. and Prettenhofer,
              P. and Weiss, R. and Dubourg, V. and Vanderplas, J. and Passos, A.
              and Cournapeau, D. and Brucher, M. and Perrot, M. and Duchesnay,
              E.},
    journal = {Journal of Machine Learning Research},
    volume = {12},
    pages = {2825--2830},
    year = {2011},
}

@article{Sharifipour2018,
    title = {Structural test data generation using a memetic ant colony
             optimization based on evolution strategies},
    journal = {Swarm and Evolutionary Computation},
    volume = {40},
    pages = {76 - 91},
    year = {2018},
    doi = {https://doi.org/10.1016/j.swevo.2017.12.009},
    author = {Hossein Sharifipour and Mojtaba Shakeri and Hassan Haghighi},
}

@book{Sonka1993,
    title = {{Image Processing, Analysis and Machine Vision}},
    author = {Sonka, Milan and Hlavac, Vaclav and Boyle, Roger},
    year = {1993},
    publisher = {Springer {US}},
    doi = {10.1007/978-1-4899-3216-7},
}

@inproceedings{Suganuma2017,
    title={A genetic programming approach to designing convolutional neural
           network architectures},
    author={Masanori Suganuma and Shinichi Shirakawa and Tomoharu Nagao},
    booktitle={GECCO},
    year={2017},
}

@article{Sun2018,
    title={Automatically Designing {CNN} Architectures Using Genetic Algorithm
           for Image Classification},
    author={Yanan Sun and Bing Xue and Mengjie Zhang and Gary G. Yen},
    journal={CoRR},
    year={2018},
    volume={{abs/1808.03818}},
}

@inproceedings{Semenkin2012,
    author={Semenkin, Eugene and Semenkina, Maria},
    title={Self-configuring Genetic Algorithm with Modified Uniform Crossover
           Operator},
    booktitle={Advances in Swarm Intelligence},
    year={2012},
    pages={414-421},
    isbn={978-3-642-30976-2},
}

@misc{edo-project,
    author = {{The EDO library developers}},
    title = {{EDO: v0.2.1}},
    year = {2019},
    doi = {10.5281/zenodo.2651075},
    url = {http://dx.doi.org/10.5281/zenodo.2651075},
}

@misc{Torralba2011,
    author = {Torralba, A. and Efros, A. A.},
    title = {Unbiased Look at Dataset Bias},
    howpublished = {Proceedings of the 2011 IEEE Conference on Computer Vision
                    and Pattern Recognition},
    year = {2011},
    pages = {1521--1528},
    url = {http://dx.doi.org/10.1109/CVPR.2011.5995347},
    doi = {10.1109/CVPR.2011.5995347},
}

@book{Wu2009,
    author = {X. Wu and Wu, Xindong and Kumar, Vipin},
    publisher = {CRC},
    isbn = {9781420089646},
    year = {2009},
    title = {{The Top Ten Algorithms in Data Mining}},
}
